@MISC{T3S,
	HOWPUBLISHED = "\url{https://github.com/rokicki/type3search}",
	AUTHOR = "Tomas Gerhard Rokicki",
	TITLE = "Type 3 Search Code",
	MONTH = "July",
	YEAR = "2019",
}
@MISC{AGL,
	HOWPUBLISHED = "\url{https://github.com/adobe-type-tools/agl-specification}",
	AUTHOR = "Adobe",
	TITLE = "Adobe Glyph List Specification",
	MONTH = "August",
	YEAR = "2018",
}
@MISC{MMAP,
      HOWPUBLISHED = "\url{https://ctan.org/pkg/mmap}",
      AUTHOR = "Ross Moore",
      TITLE = "Include CMap Resources in PDF files from {pdf\TeX}",
      YEAR = "2008",
}
@MISC{ENC,
    HOWPUBLISHED = "\url{https://ctan.org/pkg/inputenc}",
    AUTHOR="Alan Jeffrey and Frank Mittelbach",
    TITLE="inputenc.sty",
    YEAR="2018",
}
